%% This BibTeX bibliography file was created using BibDesk.
%% http://bibdesk.sourceforge.net/


%% Created for Kaspar at 2010-09-22 10:12:56 +0200 


%% Saved with string encoding Unicode (UTF-8) 



@book{bishop2006pattern,
	Author = {Bishop, C.M. and others},
	Publisher = {Springer New York:},
	Title = {Pattern recognition and machine learning},
	Year = {2006}}

@conference{gassert20062dof,
	Author = {Gassert, R. and Dovat, L. and Lambercy, O. and Ruffieux, Y. and Chapuis, D. and Ganesh, G. and Burdet, E. and Bleuler, H.},
	Booktitle = {Proc IEEE International Conference on Robotics and Automation (ICRA). p},
	Pages = {3825--3831},
	Title = {A 2-DOF fMRI compatible haptic interface to interact with arm movements},
	Year = {2006},
	Bdsk-File-1 = {YnBsaXN0MDDUAQIDBAUIJidUJHRvcFgkb2JqZWN0c1gkdmVyc2lvblkkYXJjaGl2ZXLRBgdUcm9vdIABqAkKFRYXGyIjVSRudWxs0wsMDQ4RFFpOUy5vYmplY3RzV05TLmtleXNWJGNsYXNzog8QgASABqISE4ACgAOAB1lhbGlhc0RhdGFccmVsYXRpdmVQYXRo0hgNGRpXTlMuZGF0YU8RAdIAAAAAAdIAAgAADE1hY2ludG9zaCBIRAAAAAAAAAAAAAAAAAAAAMY66iRIKwAAAJKFPhBHYXNzZXJ0MjAwOGIucGRmAAAAAAAAAAAAAAAAAAAAAAAAAAAAAAAAAAAAAAAAAAAAAAAAAAAAAAAAAAAAAAAAkoVeyL5XSgAAAAAAAAAAAAIAAgAACSAAAAAAAAAAAAAAAAAAAAAVQXJ0aWNsZXMgUHJlc2VudGF0aW9uAAAQAAgAAMY6zgQAAAARAAgAAMi+OyoAAAABABAAkoU+AAqa8QAKmtwAAIXtAAIAU01hY2ludG9zaCBIRDpVc2VyczprYXNwYXJsZXVlbmJlcmdlcjpEZXNrdG9wOkFydGljbGVzIFByZXNlbnRhdGlvbjpHYXNzZXJ0MjAwOGIucGRmAAAOACIAEABHAGEAcwBzAGUAcgB0ADIAMAAwADgAYgAuAHAAZABmAA8AGgAMAE0AYQBjAGkAbgB0AG8AcwBoACAASABEABIARlVzZXJzL2thc3BhcmxldWVuYmVyZ2VyL0Rlc2t0b3AvQXJ0aWNsZXMgUHJlc2VudGF0aW9uL0dhc3NlcnQyMDA4Yi5wZGYAEwABLwAAFQACABj//wAAgAXSHB0eH1gkY2xhc3Nlc1okY2xhc3NuYW1lox8gIV1OU011dGFibGVEYXRhVk5TRGF0YVhOU09iamVjdF8QLC4uLy4uL0FydGljbGVzIFByZXNlbnRhdGlvbi9HYXNzZXJ0MjAwOGIucGRm0hwdJCWiJSFcTlNEaWN0aW9uYXJ5EgABhqBfEA9OU0tleWVkQXJjaGl2ZXIACAARABYAHwAoADIANQA6ADwARQBLAFIAXQBlAGwAbwBxAHMAdgB4AHoAfACGAJMAmACgAnYCeAJ9AoYCkQKVAqMCqgKzAuIC5wLqAvcC/AAAAAAAAAIBAAAAAAAAACgAAAAAAAAAAAAAAAAAAAMO}}

@article{oetiker1995not,
	Author = {Oetiker, T. and Partl, H. and Hyna, I. and Schlegl, E.},
	Title = {The not so short introduction to LATEX2$\varepsilon$},
	Year = {1995},
	Bdsk-File-1 = {YnBsaXN0MDDUAQIDBAUIJidUJHRvcFgkb2JqZWN0c1gkdmVyc2lvblkkYXJjaGl2ZXLRBgdUcm9vdIABqAkKFRYXGyIjVSRudWxs0wsMDQ4RFFpOUy5vYmplY3RzV05TLmtleXNWJGNsYXNzog8QgASABqISE4ACgAOAB1lhbGlhc0RhdGFccmVsYXRpdmVQYXRo0hgNGRpXTlMuZGF0YU8RAboAAAAAAboAAgAADE1hY2ludG9zaCBIRAAAAAAAAAAAAAAAAAAAAMY66iRIKwAAAJKFPgpsc2hvcnQucGRmAAAAAAAAAAAAAAAAAAAAAAAAAAAAAAAAAAAAAAAAAAAAAAAAAAAAAAAAAAAAAAAAAAAAAAAAkoVByKWEowAAAAAAAAAAAAIAAgAACSAAAAAAAAAAAAAAAAAAAAAVQXJ0aWNsZXMgUHJlc2VudGF0aW9uAAAQAAgAAMY6zgQAAAARAAgAAMilaIMAAAABABAAkoU+AAqa8QAKmtwAAIXtAAIATU1hY2ludG9zaCBIRDpVc2VyczprYXNwYXJsZXVlbmJlcmdlcjpEZXNrdG9wOkFydGljbGVzIFByZXNlbnRhdGlvbjpsc2hvcnQucGRmAAAOABYACgBsAHMAaABvAHIAdAAuAHAAZABmAA8AGgAMAE0AYQBjAGkAbgB0AG8AcwBoACAASABEABIAQFVzZXJzL2thc3BhcmxldWVuYmVyZ2VyL0Rlc2t0b3AvQXJ0aWNsZXMgUHJlc2VudGF0aW9uL2xzaG9ydC5wZGYAEwABLwAAFQACABj//wAAgAXSHB0eH1gkY2xhc3Nlc1okY2xhc3NuYW1lox8gIV1OU011dGFibGVEYXRhVk5TRGF0YVhOU09iamVjdF8QJi4uLy4uL0FydGljbGVzIFByZXNlbnRhdGlvbi9sc2hvcnQucGRm0hwdJCWiJSFcTlNEaWN0aW9uYXJ5EgABhqBfEA9OU0tleWVkQXJjaGl2ZXIACAARABYAHwAoADIANQA6ADwARQBLAFIAXQBlAGwAbwBxAHMAdgB4AHoAfACGAJMAmACgAl4CYAJlAm4CeQJ9AosCkgKbAsQCyQLMAtkC3gAAAAAAAAIBAAAAAAAAACgAAAAAAAAAAAAAAAAAAALw}}

@article{choset2001coverage,
	Abstract = {This paper surveys recent results in coverage path planning, a new
	path planning approach that determines a path for a robot to pass
	over all points in its free space. Unlike conventional point-to-point
	path planning, coverage path planning enables applications such as
	robotic de-mining, snow removal, lawn mowing, car-body painting,
	machine milling, etc. This paper will focus on coverage path planning
	algorithms for mobile robots constrained to operate in the plane.
	These algorithms can be classified as either heuristic or complete.
	It is our conjecture that most complete algorithms use an exact cellular
	decomposition, either explicitly or implicitly, to achieve coverage.
	Therefore, this paper organizes the coverage algorithms into four
	categories: heuristic, approximate, partial-approximate and exact
	cellular decompositions. The final section describes some provably
	complete multi-robot coverage algorithms.
	
	
	coverage - mobile robots - cell decompositions},
	Author = {Howie Choset},
	Journal = {The Journal of Annals of Mathematics and Artificial Intelligence},
	Owner = {Andreas Breitenmoser},
	Pages = {113--126},
	Timestamp = {2009.04.11},
	Title = {Coverage for robotics - {A} survey of recent results},
	Volume = {31},
	Year = {2001},
	Bdsk-File-1 = {YnBsaXN0MDDUAQIDBAUIJidUJHRvcFgkb2JqZWN0c1gkdmVyc2lvblkkYXJjaGl2ZXLRBgdUcm9vdIABqAkKFRYXGyIjVSRudWxs0wsMDQ4RFFpOUy5vYmplY3RzV05TLmtleXNWJGNsYXNzog8QgASABqISE4ACgAOAB1lhbGlhc0RhdGFccmVsYXRpdmVQYXRo0hgNGRpXTlMuZGF0YU8RAeoAAAAAAeoAAgAADE1hY2ludG9zaCBIRAAAAAAAAAAAAAAAAAAAAMY66iRIKwAAAJKFPhZjaG9zZXQyMDAxY292ZXJhZ2UucGRmAAAAAAAAAAAAAAAAAAAAAAAAAAAAAAAAAAAAAAAAAAAAAAAAAAAAAAAAkoS+yL7ikAAAAAAAAAAAAAIAAgAACSAAAAAAAAAAAAAAAAAAAAAVQXJ0aWNsZXMgUHJlc2VudGF0aW9uAAAQAAgAAMY6zgQAAAARAAgAAMi+xnAAAAABABAAkoU+AAqa8QAKmtwAAIXtAAIAWU1hY2ludG9zaCBIRDpVc2VyczprYXNwYXJsZXVlbmJlcmdlcjpEZXNrdG9wOkFydGljbGVzIFByZXNlbnRhdGlvbjpjaG9zZXQyMDAxY292ZXJhZ2UucGRmAAAOAC4AFgBjAGgAbwBzAGUAdAAyADAAMAAxAGMAbwB2AGUAcgBhAGcAZQAuAHAAZABmAA8AGgAMAE0AYQBjAGkAbgB0AG8AcwBoACAASABEABIATFVzZXJzL2thc3BhcmxldWVuYmVyZ2VyL0Rlc2t0b3AvQXJ0aWNsZXMgUHJlc2VudGF0aW9uL2Nob3NldDIwMDFjb3ZlcmFnZS5wZGYAEwABLwAAFQACABj//wAAgAXSHB0eH1gkY2xhc3Nlc1okY2xhc3NuYW1lox8gIV1OU011dGFibGVEYXRhVk5TRGF0YVhOU09iamVjdF8QMi4uLy4uL0FydGljbGVzIFByZXNlbnRhdGlvbi9jaG9zZXQyMDAxY292ZXJhZ2UucGRm0hwdJCWiJSFcTlNEaWN0aW9uYXJ5EgABhqBfEA9OU0tleWVkQXJjaGl2ZXIACAARABYAHwAoADIANQA6ADwARQBLAFIAXQBlAGwAbwBxAHMAdgB4AHoAfACGAJMAmACgAo4CkAKVAp4CqQKtArsCwgLLAwADBQMIAxUDGgAAAAAAAAIBAAAAAAAAACgAAAAAAAAAAAAAAAAAAAMs}}

@conference{mahony2005complementary,
	Address = {Seville, Spain},
	Author = {R. Mahony, T. Hamel, J.-M. Pflimlin},
	Booktitle = {Proceedings of the 48th IEEE Conference on Decision and Control CDC'05},
	Publisher = {In 45th Conference on Decision and Control CDC'05},
	Title = {Complementary filter design on the special orthogonal group SO(3)},
	Year = {2005},
	Bdsk-File-1 = {YnBsaXN0MDDUAQIDBAUIJidUJHRvcFgkb2JqZWN0c1gkdmVyc2lvblkkYXJjaGl2ZXLRBgdUcm9vdIABqAkKFRYXGyIjVSRudWxs0wsMDQ4RFFpOUy5vYmplY3RzV05TLmtleXNWJGNsYXNzog8QgASABqISE4ACgAOAB1lhbGlhc0RhdGFccmVsYXRpdmVQYXRo0hgNGRpXTlMuZGF0YU8RArIAAAAAArIAAgAADE1hY2ludG9zaCBIRAAAAAAAAAAAAAAAAAAAAMY66iRIKwAAAIM49R9Db21wbGVtZW50YXJ5IGZpbHRlciM4MzM4RjkucGRmAAAAAAAAAAAAAAAAAAAAAAAAAAAAAAAAAAAAAAAAAAAAgzj5xhDNlgAAAAAAAAAAAAMABgAACSAAAAAAAAAAAAAAAAAAAAAMTWFob255UGFwZXJzABAACAAAxjrOBAAAABEACAAAxhCxdgAAAAEAHACDOPUAgy65AGYwEQBkizsACprzAAqa3AAAhe0AAgB8TWFjaW50b3NoIEhEOlVzZXJzOmthc3BhcmxldWVuYmVyZ2VyOkRvY3VtZW50czpSRUxhYjpQYXBlcnM6QXR0aXR1ZGUgZXN0aW1hdGlvbjpNYWhvbnlQYXBlcnM6Q29tcGxlbWVudGFyeSBmaWx0ZXIjODMzOEY5LnBkZgAOAIoARABDAG8AbQBwAGwAZQBtAGUAbgB0AGEAcgB5ACAAZgBpAGwAdABlAHIAIABkAGUAcwBpAGcAbgAgAG8AbgAgAHQAaABlACAAUwBwAGUAYwBpAGEAbAAgAEUAdQBjAGwAaQBkAGUAYQBuACAAZwByAG8AdQBwACAAUwBFACgAMwApAC4AcABkAGYADwAaAAwATQBhAGMAaQBuAHQAbwBzAGgAIABIAEQAEgCUVXNlcnMva2FzcGFybGV1ZW5iZXJnZXIvRG9jdW1lbnRzL1JFTGFiL1BhcGVycy9BdHRpdHVkZSBlc3RpbWF0aW9uL01haG9ueVBhcGVycy9Db21wbGVtZW50YXJ5IGZpbHRlciBkZXNpZ24gb24gdGhlIFNwZWNpYWwgRXVjbGlkZWFuIGdyb3VwIFNFKDMpLnBkZgATAAEvAAAVAAIAGP//AACABdIcHR4fWCRjbGFzc2VzWiRjbGFzc25hbWWjHyAhXU5TTXV0YWJsZURhdGFWTlNEYXRhWE5TT2JqZWN0XxCFLi4vLi4vLi4vRG9jdW1lbnRzL1JFTGFiL1BhcGVycy9BdHRpdHVkZSBlc3RpbWF0aW9uL01haG9ueVBhcGVycy9Db21wbGVtZW50YXJ5IGZpbHRlciBkZXNpZ24gb24gdGhlIFNwZWNpYWwgRXVjbGlkZWFuIGdyb3VwIFNFKDMpLnBkZtIcHSQloiUhXE5TRGljdGlvbmFyeRIAAYagXxAPTlNLZXllZEFyY2hpdmVyAAgAEQAWAB8AKAAyADUAOgA8AEUASwBSAF0AZQBsAG8AcQBzAHYAeAB6AHwAhgCTAJgAoANWA1gDXQNmA3EDdQODA4oDkwQbBCAEIwQwBDUAAAAAAAACAQAAAAAAAAAoAAAAAAAAAAAAAAAAAAAERw==}}

@book{marron2006embedded,
	Author = {P.J. Marron and D. Minder and the Embedded WiSeNts Consortium},
	Month = {November},
	Publisher = {Logos Verlag Berlin},
	Title = {Embedded WiSeNts Research Roadmap},
	Year = {2006}}
