%% This BibTeX bibliography file was created using BibDesk.
%% http://bibdesk.sourceforge.net/


%% Created for mheusser at 2012-12-05 16:19:03 +0100 


%% Saved with string encoding Unicode (UTF-8) 



@article{caltech,
	Author = {Kathy Svitil},
	Date-Added = {2012-12-05 14:58:46 +0000},
	Date-Modified = {2012-12-05 15:18:57 +0000},
	Howpublished = {\url{http://www.caltech.edu/}},
	Lastchecked = {05/11/2012},
	Month = {January},
	Title = {New Reactor Paves the Way for Efficiently Producing Fuel from Sunlight},
	Year = {2011}}
