%% This BibTeX bibliography file was created using BibDesk.
%% http://bibdesk.sourceforge.net/


%% Created for mheusser at 2012-12-12 13:22:41 +0100 


%% Saved with string encoding Unicode (UTF-8) 



@misc{brossard2009principles,
	Author = {BROSSARD, C. and MONNIER, JC and BARRICAU, PH and VANDERNOOT, F.X. and LE SANT, Y. and CHAMPAGNAT, F. and LE BESNERAIS, G.},
	Date-Added = {2012-12-12 12:22:18 +0000},
	Date-Modified = {2012-12-12 12:22:18 +0000},
	Publisher = {Aerospace Lab},
	Title = {Principles and Applications of Particle Image Velocimetry},
	Year = {2009}}
