%% This BibTeX bibliography file was created using BibDesk.
%% http://bibdesk.sourceforge.net/


%% Created for boosfelm at 2012-11-15 09:20:19 +0100 


%% Saved with string encoding Unicode (UTF-8) 



@inproceedings{thomas2009synthetic,
	Author = {Thomas, LP and Marino, BM and Dalziel, SB},
	Booktitle = {Journal of Physics: Conference Series},
	Date-Added = {2012-11-15 09:20:06 +0100},
	Date-Modified = {2012-11-15 09:20:06 +0100},
	Number = {1},
	Organization = {IOP Publishing},
	Pages = {012007},
	Title = {Synthetic schlieren: determination of the density gradient generated by internal waves propagating in a stratified fluid},
	Volume = {166},
	Year = {2009}}
